@article{HMM,
    title = "Analysis of Single-Molecule FRET Trajectories Using Hidden Markov Modeling",
    author = "Sean A. McKinney and Chirlmin Joo and Taekjip Ha",
    journal = "Biophysical Journal",
    year = "2004",
    volume = "91",
    pages = "1941--1951"
}

@article{H2MM,
    title = "Photon-by-Photon Hidden Markov Model Analysis for Microsecond Single-Molecule FRET Kinetics",
    author = "Menahem Pirchi and Roman Tsukanov and Rashid Khamis and Toma E. Tomov and Yaron Berger and Dinesh C. Khara and Hadas Volkov and Gilad Haran and Eyal Nir",
    journal = "J. Phy. Chem. B",
    year = "2016",
    volume = "120",
    pages = "13065--13075"
}

@article{VBEM,
    title = "Learning Rates and States from Biophysical Time Series: A Bayesian Approach to Model Selection and Single-Molecule FRET Data",
    author = "Jonathan E. Bronson and Jingyi Fei and Jake M. Hofman and Ruben L. Gonzalez Jr. and Chris H. Wiggins",
    journal = "Biophysical Journal",
    year = "2009",
    volume = "97",
    pages = "3196--3205"
}

@book{Brent,
    title = "Numerical recipes in C.",
    author = "Press W. H. and S. A. Teukolsky and W. T. Vetterling and B. P. Flannery",
    year = "1990",
	publisher="Cambridge University Press, Cambridge"
}

@misc{ wiki:mle,
    author = "{Wikipedia contributors}",
    title = "Maximum likelihood estimation --- {Wikipedia}{,} The Free Encyclopedia",
    year = "2018",
    url = "https://en.wikipedia.org/w/index.php?title=Maximum_likelihood_estimation&oldid=841572103",
    note = "[Online; accessed 3-June-2018]"
}
